<record><leader>00000cas a2200000 a 4500</leader><controlfield tag="001">9960243</controlfield><controlfield tag="008">830929d19341936mdudn ne      0   a0eng  </controlfield><datafield ind1=" " ind2=" " tag="010"><subfield code="a">sn 83016642 </subfield></datafield><datafield ind1=" " ind2=" " tag="040"><subfield code="a">DLC</subfield><subfield code="b">eng</subfield><subfield code="c">DLC</subfield><subfield code="d">MFN</subfield><subfield code="d">OCL</subfield><subfield code="d">MFN</subfield><subfield code="d">YOX</subfield><subfield code="d">OCLCQ</subfield><subfield code="d">DLC</subfield><subfield code="d">CRL</subfield><subfield code="d">OCLCQ</subfield><subfield code="d">OCLCF</subfield><subfield code="d">DLC</subfield><subfield code="d">HUL</subfield></datafield><datafield ind1=" " ind2=" " tag="012"><subfield code="b">3</subfield></datafield><datafield ind1=" " ind2=" " tag="019"><subfield code="a">9960260</subfield></datafield><datafield ind1="0" ind2=" " tag="022"><subfield code="a">2332-9572</subfield><subfield code="l">2332-9572</subfield><subfield code="2">1</subfield></datafield><datafield ind1=" " ind2=" " tag="042"><subfield code="a">pcc</subfield><subfield code="a">nsdp</subfield></datafield><datafield ind1=" " ind2=" " tag="043"><subfield code="a">n-us-md</subfield></datafield><datafield ind1="0" ind2="0" tag="050"><subfield code="a">Newspaper</subfield></datafield><datafield ind1="1" ind2="0" tag="082"><subfield code="a">071</subfield><subfield code="2">23</subfield></datafield><datafield ind1=" " ind2=" " tag="090"><subfield code="a">AN</subfield></datafield><datafield ind1=" " ind2="4" tag="222"><subfield code="a">The Baltimore news and the Baltimore post</subfield></datafield><datafield ind1="0" ind2="4" tag="245"><subfield code="a">The Baltimore news and the Baltimore post.</subfield></datafield><datafield ind1="3" ind2="0" tag="246"><subfield code="a">Baltimore news the Baltimore post</subfield></datafield><datafield ind1="1" ind2="7" tag="246"><subfield code="a">Baltimore news and the post</subfield></datafield><datafield ind1=" " ind2=" " tag="260"><subfield code="a">Baltimore, Md. :</subfield><subfield code="b">Evening News Co.</subfield></datafield><datafield ind1=" " ind2=" " tag="300"><subfield code="a">v.</subfield></datafield><datafield ind1=" " ind2=" " tag="310"><subfield code="a">Daily (except Sunday)</subfield></datafield><datafield ind1="0" ind2=" " tag="362"><subfield code="a">Vol. 124, no. 120 (Mar. 26, 1934)-v. 128, no. 58 (Jan. 11, 1936).</subfield></datafield><datafield ind1=" " ind2=" " tag="500"><subfield code="a">Published as: Baltimore news the Baltimore post, Nov. 14, 1935-Jan. 11, 1936.</subfield></datafield><datafield ind1=" " ind2=" " tag="530"><subfield code="a">Also issued on microfilm from the Library of Congress, Photoduplication Service.</subfield></datafield><datafield ind1=" " ind2=" " tag="588"><subfield code="a">Description based on: Vol. 124, no. 120 (Mar. 26, 1934).</subfield></datafield><datafield ind1=" " ind2=" " tag="588"><subfield code="a">Latest issue consulted: Vol. 126, no. 48 (Dec. 31, 1934).</subfield></datafield><datafield ind1=" " ind2="0" tag="651"><subfield code="a">Baltimore (Md.)</subfield><subfield code="v">Newspapers.</subfield></datafield><datafield ind1=" " ind2="7" tag="651"><subfield code="a">Maryland</subfield><subfield code="z">Baltimore.</subfield><subfield code="2">fast</subfield><subfield code="0">(OCoLC)fst01204292</subfield></datafield><datafield ind1=" " ind2="7" tag="655"><subfield code="a">Newspapers.</subfield><subfield code="2">fast</subfield><subfield code="0">(OCoLC)fst01423814</subfield></datafield><datafield ind1=" " ind2=" " tag="752"><subfield code="a">United States</subfield><subfield code="b">Maryland</subfield><subfield code="d">Baltimore.</subfield></datafield><datafield ind1="0" ind2="4" tag="780"><subfield code="t">Baltimore news</subfield><subfield code="x">2332-9599</subfield><subfield code="w">(DLC)sn 83016641</subfield><subfield code="w">(OCoLC)9960179</subfield></datafield><datafield ind1="0" ind2="4" tag="780"><subfield code="t">Baltimore post (Baltimore, Md. : 1929)</subfield><subfield code="x">2332-9580</subfield><subfield code="w">(DLC)sn 89060361</subfield><subfield code="w">(OCoLC)20709530</subfield></datafield><datafield ind1="0" ind2="0" tag="785"><subfield code="t">Baltimore news-post</subfield><subfield code="x">2332-9440</subfield><subfield code="w">(DLC)sn 83016644</subfield><subfield code="w">(OCoLC)9960338</subfield></datafield><datafield ind1="1" ind2=" " tag="029"><subfield code="a">AU@</subfield><subfield code="b">000020276698</subfield></datafield></record>